@misc{placeholder,
    title="TODO"
}

@misc{microsoft_study,
    title="Microsoft Study"
}
%"https://github.com/microsoft/MSRC-Security-Research/blob/master/presentations/2019_02_BlueHatIL/2019_01\%20-\%20BlueHatIL\%20-\%20Trends\%2C\%20challenge\%2C\%20and\%20shifts\%20in\%20software\%20vulnerability\%20mitigation.pdf"

@misc{rust_style,
    title="Rust Style"
}
%https://doc.rust-lang.org/1.0.0/style/safety/README.html

@misc{rust_nomicon,
    title="Rust Nomicon"
}
%https://doc.rust-lang.org/nomicon/meet-safe-and-unsafe.html

@misc{rust_book,
    title="Rust Book"
}
%https://doc.rust-lang.org/1.9.0/book/ownership.html

@article{verified_bugs,
    title="An  Empirical  Study  on  the  Correctness  of Formally  Verified  Distributed  Systems"
}
%https://www.cs.purdue.edu/homes/pfonseca/papers/eurosys2017-dsbugs.pdf

@article{redflag,
    title="Redflag: A Framework for Analysis of Kernel-Level Concurrency"
}
%http://www.fsl.cs.sunysb.edu/ssw/files/Download/ica3pp11redflag.pdf

@article{osmemorysafety,
    title="Memory Safety for Low-Level Software/Hardware Interactions"
}
%https://www.usenix.org/legacy/event/sec09/tech/full_papers/criswell.pdf

@misc{android_vulnerabilities,
    title="Multiple Vulnerabilities in Google Android OS Could Allow for Arbitrary Code Execution"
}
%https://www.cisecurity.org/advisory/multiple-vulnerabilities-in-google-android-os-could-allow-for-arbitrary-code-execution_2019-088/

@article{rustbelt,
}
%https://plv.mpi-sws.org/rustbelt/popl18/paper.pdf

@article{tock,
}
% TODO - is there a paper here?